@misc{EWDM,
  author =	 "Weisstein, Eric",
  title =	 "Eric {Weisstein's} World of Mathematics",
  howpublished = "Available online at {mathworld.wolfram.com}",
  url =		 "http://mathworld.wolfram.com/",
  year =	 2000,
}

@Misc{sampleweb,
  author =	 {{COMAP}},
  title =	 {Contest Registration and Instructions},
  howpublished = {Website},
  url = {http://www.comap.com/undergraduate/contests/mcm/instructions.php},
  year =	 2009,
  note =	 {Viewed on 2009 February 5}
}

@book{knuth,
  author =	 "Knuth, Donald E.",
  title =	 "The \TeX{}book",
  publisher =	 "Addison-Wesley",
  year =	 1993,
}

@book{krantz-primer,
  author =	 "Krantz, Stephen G.",
  title =	 "A Primer of Mathematical Writing",
  publisher =	 "American Mathematical Society",
  year =	 1997
}
@Book{tufte-vdq,
  author =	 "Tufte, Edward R.",
  title =	 "The Visual Display of Quantitative Information",
  publisher =	 "Graphics Press",
  address =	 "Cheshire, CT",
  pages =	 197,
  year =	 1983,
  ISBN =	 "0-9613921-0-X",
  LCCN =	 "K27.S8 T84",
}
