@misc{EWDM,
  author =	 "Weisstein, Eric",
  title =	 "Eric {Weisstein's} World of Mathematics",
  howpublished = "Available online at {mathworld.wolfram.com}",
  url =		 "http://mathworld.wolfram.com/",
  year =	 2000,
}
@Misc{sampleweb,
  author =	 {{COMAP}},
  title =	 {Contest Registration and Instructions},
  howpublished = {Website},
  url = {http://www.comap.com/undergraduate/contests/mcm/instructions.php},
  year =	 2009,
  note =	 {Viewed on 2009 February 5}
}
@book{press,
  author = "Press, William H. and Teukolsky, Saul A. and Vetterling, William T. and Flannery, Brian P.",
  title = "Numerical Recipes in C: The Art of Scientific Computing",
  publisher = "Cambridge University Press",
  year = "1992"
} 
@book{bleecker,
  author = "Bleecker, David and Csordas, George",
  title = "Basic Partial Differential Equations",
  publisher = "International Press of Boston",
  year  = "1997",
}
@book{mitchell,
  author =	 "Mitchell, Melanie",
  title =	 "An Introduction to Genetic Algorithms",
  publisher =	 "A Bradford Book",
  year =	 "1998",
}
